@article{survey1,
author = {Vega-Pons, Sandro and Ruiz-Shulcloper, Jos√©},
year = {2011},
month = {May},
pages = {337-372},
title = {A Survey of Clustering Ensemble Algorithms.},
volume = {25},
journal = {International Journal of Pattern Recognition and Artificial Intelligence},
doi = {10.1142/S0218001411008683}
}
